<record><leader>00000cas a2200000 a 4500</leader><controlfield tag="001">15699955</controlfield><controlfield tag="007">cr un|||||||||</controlfield><controlfield tag="008">870518c19859999mtuwr ne      0   a0eng c</controlfield><datafield ind1=" " ind2=" " tag="010"><subfield code="a">sn 87001367 </subfield></datafield><datafield ind1=" " ind2=" " tag="040"><subfield code="a">NSD</subfield><subfield code="b">eng</subfield><subfield code="c">NSD</subfield><subfield code="d">ANU</subfield><subfield code="d">DLC</subfield><subfield code="d">CUS</subfield><subfield code="d">CVF</subfield><subfield code="d">NYS</subfield><subfield code="d">DLC</subfield><subfield code="d">OCLCQ</subfield><subfield code="d">ZP2</subfield><subfield code="d">OCLCQ</subfield><subfield code="d">OCLCF</subfield><subfield code="d">OCLCO</subfield></datafield><datafield ind1=" " ind2=" " tag="012"><subfield code="m">y</subfield></datafield><datafield ind1=" " ind2=" " tag="019"><subfield code="a">39938819</subfield></datafield><datafield ind1="0" ind2=" " tag="022"><subfield code="a">0893-8970</subfield><subfield code="l">0893-8970</subfield><subfield code="y">0528-8592</subfield><subfield code="2">1</subfield></datafield><datafield ind1="1" ind2=" " tag="029"><subfield code="a">AU@</subfield><subfield code="b">000020458902</subfield></datafield><datafield ind1=" " ind2=" " tag="032"><subfield code="a">495170</subfield><subfield code="b">USPS</subfield></datafield><datafield ind1=" " ind2=" " tag="037"><subfield code="b">Char-Koosta News, P.O. Box 278, Pablo, MT 59855</subfield></datafield><datafield ind1=" " ind2=" " tag="042"><subfield code="a">nsdp</subfield><subfield code="a">pcc</subfield></datafield><datafield ind1=" " ind2=" " tag="043"><subfield code="a">n-us-mt</subfield></datafield><datafield ind1="0" ind2="0" tag="050"><subfield code="a">Newspaper</subfield></datafield><datafield ind1="1" ind2="0" tag="082"><subfield code="a">323</subfield><subfield code="2">11</subfield></datafield><datafield ind1="0" ind2=" " tag="210"><subfield code="a">Char-Koosta news</subfield></datafield><datafield ind1=" " ind2="0" tag="222"><subfield code="a">Char-Koosta news</subfield></datafield><datafield ind1="0" ind2="0" tag="245"><subfield code="a">Char-Koosta news.</subfield></datafield><datafield ind1="1" ind2="3" tag="246"><subfield code="a">CSKT's Char-Koosta news</subfield></datafield><datafield ind1=" " ind2=" " tag="260"><subfield code="a">Pablo, Mont. :</subfield><subfield code="b">Tribal Council of the Confederated Salish and Kootenai Tribes of the Flathead Indian Reservation,</subfield><subfield code="c">1985-</subfield></datafield><datafield ind1=" " ind2=" " tag="300"><subfield code="a">v. ;</subfield><subfield code="c">58 cm.</subfield></datafield><datafield ind1=" " ind2=" " tag="310"><subfield code="a">Weekly,</subfield><subfield code="b">Nov. 7, 1986-&lt;Dec. 31, 1999&gt;</subfield></datafield><datafield ind1=" " ind2=" " tag="321"><subfield code="a">Biweekly,</subfield><subfield code="b">June 27, 1985-Oct. 31, 1986</subfield></datafield><datafield ind1="0" ind2=" " tag="362"><subfield code="a">Vol. 14, no. 4 (June 27, 1985)-</subfield></datafield><datafield ind1=" " ind2=" " tag="530"><subfield code="a">Available on microfilm from the Library of Congress, Photoduplication Service.</subfield></datafield><datafield ind1=" " ind2=" " tag="530"><subfield code="a">Also issued by subscription via the World Wide Web.</subfield></datafield><datafield ind1=" " ind2=" " tag="588"><subfield code="a">Latest issue consulted: Vol. 31, no. 14 (Dec. 31, 1999).</subfield></datafield><datafield ind1=" " ind2="0" tag="650"><subfield code="a">Indians of North America</subfield><subfield code="z">Montana</subfield><subfield code="v">Newspapers.</subfield></datafield><datafield ind1=" " ind2="0" tag="650"><subfield code="a">Salish Indians</subfield><subfield code="v">Newspapers.</subfield></datafield><datafield ind1=" " ind2="0" tag="650"><subfield code="a">Kootenai Indians</subfield><subfield code="v">Newspapers.</subfield></datafield><datafield ind1=" " ind2="0" tag="651"><subfield code="a">Pablo (Mont.)</subfield><subfield code="v">Newspapers.</subfield></datafield><datafield ind1=" " ind2="0" tag="651"><subfield code="a">Lake County (Mont.)</subfield><subfield code="v">Newspapers.</subfield></datafield><datafield ind1=" " ind2="7" tag="655"><subfield code="a">Newspapers.</subfield><subfield code="2">fast</subfield><subfield code="0">(OCoLC)fst01423814</subfield></datafield><datafield ind1=" " ind2="7" tag="650"><subfield code="a">Indians of North America.</subfield><subfield code="2">fast</subfield><subfield code="0">(OCoLC)fst00969633</subfield></datafield><datafield ind1=" " ind2="7" tag="650"><subfield code="a">Kootenai Indians.</subfield><subfield code="2">fast</subfield><subfield code="0">(OCoLC)fst00988515</subfield></datafield><datafield ind1=" " ind2="7" tag="650"><subfield code="a">Salish Indians.</subfield><subfield code="2">fast</subfield><subfield code="0">(OCoLC)fst01104021</subfield></datafield><datafield ind1=" " ind2="7" tag="651"><subfield code="a">Montana.</subfield><subfield code="2">fast</subfield><subfield code="0">(OCoLC)fst01207555</subfield></datafield><datafield ind1=" " ind2="7" tag="651"><subfield code="a">Montana</subfield><subfield code="z">Lake County.</subfield><subfield code="2">fast</subfield><subfield code="0">(OCoLC)fst01221006</subfield></datafield><datafield ind1=" " ind2="7" tag="651"><subfield code="a">Montana</subfield><subfield code="z">Pablo.</subfield><subfield code="2">fast</subfield><subfield code="0">(OCoLC)fst01217390</subfield></datafield><datafield ind1="1" ind2=" " tag="710"><subfield code="a">Confederated Salish &amp; Kootenai Tribes of the Flathead Reservation, Montana.</subfield></datafield><datafield ind1=" " ind2=" " tag="752"><subfield code="a">United States</subfield><subfield code="b">Montana</subfield><subfield code="c">Lake</subfield><subfield code="d">Pablo.</subfield></datafield><datafield ind1="0" ind2="0" tag="780"><subfield code="t">Char-Koosta</subfield><subfield code="x">0528-8592</subfield><subfield code="w">(DLC)sn 79007540</subfield><subfield code="w">(OCoLC)5420430</subfield></datafield><datafield ind1="4" ind2="1" tag="856"><subfield code="u">http://www.softlineweb.com/softlineweb/ethnic.htm</subfield></datafield></record>